@article{sph,
  title={Smoothed particle hydrodynamics},
  author={Monaghan, Joe J},
  journal={Annual review of astronomy and astrophysics},
  volume={30},
  number={1},
  pages={543--574},
  year={1992},
  publisher={Annual Reviews 4139 El Camino Way, PO Box 10139, Palo Alto, CA 94303-0139, USA}
}

@article{shortcourse_fmm,
  title={A short course on fast multipole methods},
  author={Beatson, Rick and Greengard, Leslie},
  journal={Wavelets, multilevel methods and elliptic PDEs},
  volume={1},
  pages={1--37},
  year={1997},
  publisher={Leicester}
}

@article{this_paper,
  title={This work},
  author={Gustafsson, Loke},
  journal={INception whoa},
  volume={30},
  number={1},
  pages={543--574},
  year={2020},
  publisher={My home address}
}

@misc{wikipedia_newtons_law,
  author = {{Wikipedia contributors}},
  title = "Newton's law of universal gravitation --- {W}ikipedia{,} The Free Encyclopedia",
  year = "2020",
  url =
  "https://en.wikipedia.org/w/index.php?title=Newton%27s_law_of_universal_gravitation&oldid=955330724",
  note = "[Online; accessed 20-May-2020]"
}


@misc{wikipedia_euler_equations,
  author = {{Wikipedia contributors}},
  title = "Euler equations (fluid dynamics) --- {W}ikipedia{,} The Free Encyclopedia",
  year = "2020",
  url =
  "https://en.wikipedia.org/w/index.php?title=Euler_equations_(fluid_dynamics)&oldid=957610399",
  note = "[Online; accessed 20-May-2020]"
}
